<record><leader>00000cas a22000007a 4500</leader><controlfield tag="001">23436350</controlfield><controlfield tag="008">910408d19051919couwr ne      0    0eng d</controlfield><datafield ind1=" " ind2=" " tag="010"><subfield code="a">sn 91052466 </subfield></datafield><datafield ind1=" " ind2=" " tag="040"><subfield code="a">CNQ</subfield><subfield code="b">eng</subfield><subfield code="c">CNQ</subfield><subfield code="d">OCLCQ</subfield></datafield><datafield ind1=" " ind2=" " tag="042"><subfield code="a">msc</subfield></datafield><datafield ind1="0" ind2="4" tag="245"><subfield code="a">The Western Slope criterion.</subfield></datafield><datafield ind1=" " ind2=" " tag="260"><subfield code="a">Olathe, Colo. :</subfield><subfield code="b">Hanes Bros.</subfield></datafield><datafield ind1=" " ind2=" " tag="300"><subfield code="a">v.</subfield></datafield><datafield ind1=" " ind2=" " tag="310"><subfield code="a">Weekly</subfield></datafield><datafield ind1="0" ind2=" " tag="362"><subfield code="a">Vol. 1, no. 1 (Feb. 9, 1905)-v. 15, no. 40 (Nov. 6, 1919).</subfield></datafield><datafield ind1=" " ind2=" " tag="752"><subfield code="a">United States</subfield><subfield code="b">Colorado</subfield><subfield code="c">Montrose</subfield><subfield code="d">Olathe.</subfield></datafield><datafield ind1="0" ind2="0" tag="785"><subfield code="t">Olathe criterion</subfield><subfield code="w">(DLC)sn 90051855</subfield></datafield></record>